%% This BibTeX bibliography file was created using BibDesk.
%% http://bibdesk.sourceforge.net/


%% Created for Thadeu Carmo at 2010-04-24 11:51:00 -0300 


%% Saved with string encoding Western (ASCII) 



@mastersthesis{haller-master,
	Author = {Philipp Haller},
	Date-Added = {2010-04-24 11:48:55 -0300},
	Date-Modified = {2010-04-24 11:51:00 -0300},
	School = {Universit{\"a}t Karlsruhe (TH), Fakult{\"a}t f{\"u}r Informatik,Institut f{\"u}r Programmstrukturen und Datenorganisation},
	Title = {An Object-Oriented Programming Model for Event-Based Actors},
	Year = {2006}}

@misc{STM,
	Author = {Nir Shavit and Dan Touitou},
	Title = {Software Transactional Memory},
	Year = {1995}}

@techreport{dijkistra-65,
	Author = {Dijkstra, Edsger Wybe},
	Title = {Cooperating Sequential Processes, Technical Report EWD-123},
	Year = {1965}}

@article{dijkistra-mutual-exclusion,
	Address = {New York, NY, USA},
	Author = {Dijkstra, E. W.},
	Doi = {http://doi.acm.org/10.1145/365559.365617},
	Issn = {0001-0782},
	Journal = {Commun. ACM},
	Number = {9},
	Pages = {569},
	Publisher = {ACM},
	Title = {Solution of a problem in concurrent programming control},
	Volume = {8},
	Year = {1965}}


@inbook{sj:bc,
	Author = {Jones, Simon P.},
	Booktitle = {Beautiful Code: Leading Programmers Explain How They Think (Theory in Practice (O'Reilly))},
	Chapter = {24},
	Date-Modified = {2010-04-23 12:18:57 -0300},
	Editor = {Oram, Andy and Wilson, Greg},
	Isbn = {0596510047},
	Keywords = {stm},
	Posted-At = {2009-03-10 11:57:22},
	Priority = {4},
	Publisher = {O'Reilly Media, Inc.},
	Title = {Beautiful Concurrency},
	Url = {http://research.microsoft.com/Users/simonpj/papers/stm/index.htm},
	Year = {2007}}

@book{gul-agha,
	Address = {Cambridge, MA, USA},
	Author = {Agha, Gul},
	Isbn = {0-262-01092-5},
	Publisher = {MIT Press},
	Title = {Actors: a model of concurrent computation in distributed systems},
	Year = {1986}}

@book{prog-scala,
	Author = {Odersky, Martin and Spoon, Lex and Venners, Bill},
	Day = {26},
	Edition = {1st},
	Howpublished = {Paperback},
	Isbn = {0981531601},
	Keywords = {scala, specification},
	Month = {November},
	Posted-At = {2009-06-20 03:02:37},
	Priority = {0},
	Publisher = {Artima Inc},
	Title = {Programming in Scala: A Comprehensive Step-by-step Guide},
	Url = {http://www.worldcat.org/isbn/0981531601},
	Year = {2008}}

@book{prog-erlang,
	    author = {Armstrong, Joe},
	    howpublished = {Paperback},
	    isbn = {193435600X},
	    keywords = {devel, erlang, functional, language, parallel},
	    month = {July},
	    posted-at = {2007-09-01 16:26:00},
	    priority = {2},
	    publisher = {Pragmatic Bookshelf},
	    title = {Programming Erlang: Software for a Concurrent World},
	    url = {http://www.worldcat.org/isbn/193435600X},
	    year = {2007}
}



@inproceedings{erlang-dev,
	Address = {New York, NY, USA},
	Author = {Armstrong, Joe},
	Booktitle = {ICFP '97: Proceedings of the second ACM SIGPLAN international conference on Functional programming},
	Doi = {http://doi.acm.org/10.1145/258948.258967},
	Isbn = {0-89791-918-1},
	Location = {Amsterdam, The Netherlands},
	Pages = {196--203},
	Publisher = {ACM},
	Title = {The development of Erlang},
	Year = {1997}}

@inproceedings{erlang-survey,
	Author = {Joe Armstrong},
	Booktitle = {INAP'96 -- The 9th Exhibitions and Symposium on Industrial Applications of Prolog},
	Pages = {16--18},
	Title = {Erlang - A survey of the language and its industrial applications},
	Year = {1996}}

@misc{akka,
  key =     {Akka},
  title =   {{Akka, Simpler Scalability, Fault-Tolerance, Concurreny \& Remoting through Actors}},
  howpublished ={http://www.akkasource.org},
  note =    {Visitado em 24 de Abril de 2010}
}

@misc{akka-dispatchers,
  key =     {Akka},
  title =   {{Akka, Dispatchers}},
  howpublished ={http://doc.akkasource.org/dispatchers},
  note =    {Visitado em 19 de Maio de 2010}
}



@misc{apache-activemq,
  key = 	 {ActiveMQ},
  title = 	 {{Apache ActiveMQ}},
  howpublished = {http://activemq.apache.org/},
  note = 	 {Visitado em 30 de Outubro de 2010}
}

@misc{ibm-mqseries,
  key = 	 {IBM Websphere MQ},
  title = 	 {{IBM Websphere MQ - Software}},
  howpublished = {http://www-01.ibm.com/software/integration/wmq/},
  note = 	 {Visitado em 30 de Outubro de 2010}
}

@misc{jboss-messaging,
  key = 	 {JBoss},
  title = 	 {{JBoss Messaging}},
  howpublished = {http://www.jboss.org/jbossmessaging},
  note = 	 {Visitado em 30 de Outubro de 2010}
}

@misc{akka-remote-actors,
  key =     {Akka},
  title =   {{Akka, Remote Actors and Active Objects}},
  howpublished ={http://doc.akkasource.org/remote-actors},
  note =    {Visitado em 4 de Maio de 2010}
}


@misc{scala-api,
	key={Scala API},
	title={{Scala API}},
	howpublished={http://www.scala-lang.org/docu/files/api/index.html},
	note={Visitado em 24 de Abril de 2010}
}


@misc{akka-amqp,
  key =     {Akka AMQP},
  title =   {{Akka AMQP}},
  howpublished ={http://www.akkasource.org/amqp},
  note =    {Visitado em 27 de Abril de 2010}
}


@misc{amqp-spec,
  key =     {AMQP},
  title =   {{Advanced Message Queueing Protocol}},
  howpublished ={http://www.amqp.org},
  note =    {Visitado em 27 de Abril de 2010}
}


@misc{jboss-netty,
  key =     {JBoss Netty},
  title =   {{Netty - the Java NIO Client Server Socket Framework}},
  howpublished ={http://www.jboss.org/netty},
  note =    {Visitado em 27 de Abril de 2010}
}

@misc{rabbitmq,
  key =     {RabbitMQ},
  title =   {{RabbitMQ - Messaging that just works}},
  howpublished ={http://www.rabbitmq.com/},
  note =    {Visitado em 27 de Abril de 2010}
}


@misc{qpid,
  key =     {Apache QPid},
  title =   {{Apache QPid}},
  howpublished ={http://qpid.apache.org/},
  note =    {Visitado em 28 de Maio de 2010}
}

@misc{JNDI,
  key =     {JNDI},
  title =   {{Java Naming and Directory Interface (JNDI)}},
  howpublished ={http://java.sun.com/products/jndi/},
  note =    {Visitado em 1 de Maio de 2010}
}


@book{alonso,
	Author = {Gustavo Alonso and Fabio Casati and Harumi Kuno and Vijay Machiraju},
	Isbn = {3540440089},
	pages={59-65},
	Publisher = {Springer Verlag},
	Title = {{Web Services: Concepts, Architecture and Applications}},
	Year = {2004}}

@techreport{scala-overview,
   abstract    = {Scala fuses object-oriented and functional programming
                 in a statically typed programming language. It is aimed
                 at the construction of components and component systems.
                 This paper gives an overview of the Scala language for
                 readers who are familar with programming methods and
                 programming language design.},
   affiliation = {EPFL},
   author      = {Odersky, Martin and Altherr, Philippe and Cremet,
                 Vincent and Dragos, Iulian and Dubochet, Gilles and Emir,
                 Burak and McDirmid, Sean and Micheloud, Stephane and
                 Mihaylov, Nikolay and Schinz, Michel and Spoonn, Lex and
                 Stenman, Erik and Zenger, Matthias},
   details     = {http://infoscience.epfl.ch/record/85634},
   documenturl = {http://infoscience.epfl.ch/getfile.py?recid=85634&mode=best},
   keywords    = {components; programming language design; type systems;
                 web services; functional programming; object-oriented
                 programming; XML processing},
   oai-id      = {oai:infoscience.epfl.ch:85634},
   oai-set     = {fulltext; report; fulltext-public},
   status      = {PUBLISHED},
   title       = {An {O}verview of the {S}cala {P}rogramming {L}anguage (2. Edition)},
   unit        = {LAMP},
   year        = 2006
}

@misc{moore-1965,
  key =     {Moore's Law},
  title =   {{1965 - Moore's Law - Predicts the Future of Integrated Circuits}},
  howpublished ={http://www.computerhistory.org/semiconductor/timeline/1965-Moore.html},
  note =    {Visitado em 14 de Setembro de 2010}
}


@article{sutter-free-lunch-is-over,
  author = {Herb Sutter},
  journal = {Dr. Dobb's Journal},
  number = 3,
  pages = {202 -- 210},
  title = {The Free Lunch Is Over: A Fundamental Turn Toward Concurrency in Software},
  url = {http://www.gotw.ca/publications/concurrency-ddj.htm},
  volume = 30,
  year = 2005
}



@article{sutter-concurrent-revolution,
	Address = {New York, NY, USA},
	Author = {Sutter, Herb and Larus, James},
	Doi = {10.1145/1095408.1095421},
	Issn = {1542-7730},
	Journal = {Queue},
	Keywords = {concurrency, parallel},
	Month = {September},
	Number = {7},
	Pages = {54--62},
	Priority = {2},
	Publisher = {ACM},
	Title = {Software and the Concurrency Revolution},
	Url = {http://dx.doi.org/10.1145/1095408.1095421},
	Volume = {3},
	Year = {2005}
}


