@misc{Moore1965,
  key =     {Moore's Law},
  title =   {{1965 - "Moore's Law" Predicts the Future of Integrated Circuits}},
  howpublished ={http://www.computerhistory.org/semiconductor/timeline/1965-Moore.html},
}

@misc{MooreLaw,
  key =     {Moore's Law},
  title =   {{Moore's Law - Wikipedia}},
  howpublished ={http://en.wikipedia.org/wiki/Moore's\_law},
}

@misc{DothanInvestigated,
  key =     {Dothan Investigated},
  title =   {{Intel's 90nm Pentium M 755: Dothan Investigated}},
  howpublished ={http://www.anandtech.com/show/1399/3},
}

@misc{Shutter2005,
  key =     {Herb Sutter - The Free lunch is over},
  title =   {{The Free Lunch Is Over: A Fundamental Turn Toward Concurrency in Software}},
  howpublished ={http://www.gotw.ca/publications/concurrency-ddj.htm},
}


