%%% Exemplos originais a serem apagados
@Book{eco:09,
 author   = {Umberto Eco},
 title    = {Como se Faz uma Tese},
 edition  = {22º},
 publisher= {Perspectiva},
 note     = {Tradução Gilson Cesar Cardoso de Souza},
 year     = {2009},
}

@Book{zobel:04,
 author   = {Justin Zobel},
 title    = {Writing for Computer Science: The art of effective communication},
 publisher= {Springer},
 edition  = {Segunda},
 year     = {2004},
}

@Book{waz:09,
 author   = {Raul S. Wazlawick},
 title    = {Metodologia de Pesquisa em Ciencia da Computação},
 publisher= {Campus},
 edition  = {Primeira},
 year     = {2009},
}

@Book{Higham:98,
 author   = {Nicholas J. Higham},
 title    = {Handbook of Writing for the Mathematical Sciences},
 edition  = {segunda},
 publisher= {SIAM: Society for Industrial and Applied Mathematics},
 month    = Aug,
 year     = {1998},
}

@book{Knuth:96,
 author   = {Donald E. Knuth and Tracy Larrabee and Paul M. Roberts},
 title    = {Mathematical Writing},
 publisher= {The Mathematical Association of America},
 month    = Sep,
 year     = {1996}
}

@InProceedings{alves03:simi,
 author   = {Carlos E. R. Alves and Edson N. Cáceres and Frank Dehne and Siang W. Song},
 title    = {A Parallel Wavefront Algorithm for Efficient Biological Sequence Comparison},
 booktitle= {ICCSA '03: The 2003 International Conference on Computational Science and its Applications},
 year     = {2003},
 pages    = {249-258},
 month    = May,
 publisher= {Springer-Verlag}
}

@Article{MenaChalco08,
 author   = {Jesús P. Mena-Chalco and Helaine Carrer and Yossi Zana and Roberto M. Cesar-Jr.},
 title    = {Identification of protein coding regions using the modified {G}abor-wavelet transform},
 journal  = {IEEE/ACM Transactions on Computational Biology and Bioinformatics},
 volume   = {5},
 pages    = {198-207},
 year     = {2008},
}

@Techreport{alvisi99:analysisCIC,
 author   = {Lorenzo Alvisi and Elmootazbellah Elnozahy and Sriram S. Rao and Syed A. Husain and Asanka Del Mel},
 title    = {An Analysis of Comunication-Induced Checkpointing},
 institution= {Department of Computer Science, University of Texas at Austin},
 year     = {1999},
 number   = {TR-99-01},
 address  = {Austin, {USA}}
}

@Misc{gridftp,
 author   = {William Allcock},
 title    = {{GridFTP} protocol specification. {Global Grid Forum} Recommendation ({GFD}.20)},
 year     = {2003}
}

@Book{JW82,
 author   = {Richard A. Johnson and Dean W. Wichern},
 title    = {Applied Multivariate Statistical Analysis},
 publisher= {Prentice-Hall},
 year     = {1983}
}

@Manual{CORBA:spec,
 title    = {{CORBA v3.0 Specification}},
 author   = {{Object Management Group}},
 month    = Jul,
 year     = {2002},
 note     = {{OMG Document 02-06-33}}
}

@PhdThesis{garcia01:PhD,
 author   = {Islene C. Garcia},
 title    = {Visões Progressivas de Computações Distribuídas},
 school   = {Instituto de Computação, Universidade de Campinas, Brasil},
 year     = {2001},
 month    = {Dezembro}
}

@Conference{bronevetsky02,
 author   = {Greg Bronevetsky and Daniel Marques and Keshav Pingali and Paul Stodghill},
 title    = {Automated application-level checkpointing of {MPI} programs},
 booktitle= {PPoPP '03: Proceedings of the 9th ACM SIGPLAN Symposium on Principles and Practice of Parallel Programming},
 year     = {2003},
 pages    = {84-89}
}

@InCollection{bobaoglu93:concepts,
 author   = {Ozalp Babaoglu and Keith Marzullo},
 title    = {Consistent Global States of Distributed Systems: Fundamental Concepts and Mechanisms},
 editor   = {Sape Mullender},
 booktitle= {Distributed Systems},
 edition  = {segunda},
 year     = {1993},
 pages    = {55-96}
}

@MastersThesis{schmidt03:MSc,
 author   = {Rodrigo M. Schmidt},
 title    = {Coleta de Lixo para Protocolos de \emph{Checkpointing}},
 school   = {Instituto de Computação, Universidade de Campinas, Brasil},
 year     = {2003},
 month    = Oct
}

@Misc{fowler04:designDead,
 author   = {Martin Fowler},
 title    = {Is Design Dead?},
 year     = {2004},
 month    = May,
 note     = {Último acesso em 30/1/2010},
 howpublished= {\url{http://martinfowler.com/articles/designDead.html}},
}

@Misc{FSF:GNU-GPL,
 author   = {Free Software Foundation},
 title    = {GNU general public license},
 note     = {Último acesso em 30/1/2010},
 howpublished= {\url{http://www.gnu.org/copyleft/gpl.html}},
}


%%%% Minhas citações

@book{Agha86,
Author = {Agha, Gul},
Publisher = {MIT Press},
Title = {Actors: a model of concurrent computation in distributed systems},
Year = {1986}
}

@Misc{amqp-spec,
 author   = {AMQP Working Group},
 title    = {AMQP Specification},
 year     = {2008},
 month    = Fev,
 note     = {Último acesso em 5/5/2011},
 howpublished= {\url{http://www.amqp.org/confluence/download/attachments/720900/amqp.0-10.pdf?version=1&modificationDate=1203467591000}},
}

@Misc{amqp,
 author   = {AMQP Working Group},
 title    = {Advanced Message Queuing Protocol},
 note     = {Último acesso em 5/5/2011},
 howpublished= {\url{http://www.amqp.org}},
}

@misc{qpid,
  key =     {Apache QPid},
  title =   {{Apache QPid}},
  howpublished ={\url{http://qpid.apache.org/}},
  note =    {Último acesso em 11/5/2011}
}

@misc{rabbitmq,
  key =     {RabbitMQ},
  title =   {{RabbitMQ - Messaging that just works}},
  howpublished ={\url{http://www.rabbitmq.com/}},
  note =     {Último acesso em 11/5/2011}
}

@misc{zeromq,
  key =     {ZeroMQ},
  title =   {{Less is More - zeromq}},
  howpublished ={\url{http://www.zeromq.org/}},
  note =     {Último acesso em 11/5/2011}
}

@misc{jms,
  key =     {JMS JSR-914},
  title =   {{JSR-000914 JavaTM Message Service (JMS) API}},
  howpublished ={\url{http://jcp.org/aboutJava/communityprocess/final/jsr914/index.html}},
  note =     {Último acesso em 11/5/2011}
}


@misc{apache-lic,
  key =     {Apache License},
  title =   {{Apache License 2.0}},
  howpublished ={\url{http://www.apache.org/licenses/}},
  note =     {Último acesso em 11/5/2011}
}

@misc{lgpl,
  key =     {LGPL07},
  title =   {{GNU Lesser General Public License}},
  howpublished ={\url{http://www.gnu.org/licenses/lgpl.html}},
  note =     {Último acesso em 11/5/2011}
}

@misc{mpl,
  key =     {MPL},
  title =   {{Mozilla Public License}},
  howpublished ={\url{http://www.mozilla.org/MPL/MPL-1.1.html}},
  note =     {Último acesso em 11/5/2011}
}

